% Ejemplo de referencia con Online
@online{SpanishStopWords,
    author = { Mauricio Matias C.},
    title = {stop-words},
    year = {2022},
    url = {https://github.com/Alir3z4/stop-words/blob/master/spanish.txt},
    urldate = {2024-30-10}
}

@online{Dirent.h,
    author = { Rodrigo Pasniuk},
    title = {Directorios y Ficheros en C – Linux},
    year = {2013},
    url = {https://www.programacion.com.py/escritorio/c/directorios-y-ficheros-en-c-linux},
    urldate = {2024-11-01}
}

@online{PageRankArticle,
  author       = {Sergey Brin and Lawrence Page},
  title        = {The Anatomy of a Large-Scale Hypertextual Web Search Engine},
  year         = {1998},
  url = {http://infolab.stanford.edu/~backrub/google.html}
}

@online{FuncionesDir,
    author = {Pasky},
    title = {Funciones opendir, readdir y closedir en C},
    year = {2009},
    url = {https://pasky.wordpress.com/2009/08/05/funciones-opendir-readdir-y-closedir-en-c/},
    urldate = {2024-11-03}
}

@online{SolrTutorialIndexado,
  author       = {Solr Tutorial},
  title        = {Indexado en Solr},
  year         = {2024},
  url          = {https://solrtutorial.es/indexado-solr.html}
}

@online{IntroduccionPageRank,
  author       = {Francisco Pedroche},
  title        = {Una introducción al algoritmo PageRank},
  year         = {2016},
  url = {https://www.bellera.cat/joomla/images/1617/batx/google/fpedrochev4sema.pdf}
}

@misc{PageRankVideo,
  author       = {Eduardo Sáenz de Cabezón},
  title        = {PAGE RANK | El algoritmo matemático que hizo a GOOGLE dominar el mundo},
  year         = {2024},
  url = {https://www.youtube.com/watch?v=b3fwA3EWCd8&t=387s}
}
